<?xml version="1.0" encoding="UTF-8"?><record xmlns="http://www.loc.gov/MARC21/slim" xmlns:cinclude="http://apache.org/cocoon/include/1.0" xmlns:zs="http://www.loc.gov/zing/srw/">
  <leader>00731nz  a2200217n  4500</leader>
  <controlfield tag="001">no2012023588</controlfield>
  <controlfield tag="003">DLC</controlfield>
  <controlfield tag="005">20120219075008.0</controlfield>
  <controlfield tag="008">120217n| acaabaaan          |a ana      </controlfield>
  <datafield tag="010" ind1=" " ind2=" ">
    <subfield code="a">no2012023588</subfield>
  </datafield>
  <datafield tag="035" ind1=" " ind2=" ">
    <subfield code="a">(OCoLC)oca09118681</subfield>
  </datafield>
  <datafield tag="040" ind1=" " ind2=" ">
    <subfield code="a">SaPrNL</subfield>
    <subfield code="b">eng</subfield>
    <subfield code="c">SaPrNL</subfield>
  </datafield>
  <datafield tag="042" ind1=" " ind2=" ">
    <subfield code="a">sanb</subfield>
  </datafield>
  <datafield tag="130" ind1=" " ind2="0">
    <subfield code="a">We are growing.</subfield>
    <subfield code="n">Stage 4,</subfield>
    <subfield code="p">Elementary.</subfield>
    <subfield code="l">Northern Sotho</subfield>
  </datafield>
  <datafield tag="430" ind1=" " ind2="0">
    <subfield code="a">Re a gola.</subfield>
    <subfield code="n">Legato 4,</subfield>
    <subfield code="p">Bao ba thomago</subfield>
  </datafield>
  <datafield tag="643" ind1=" " ind2=" ">
    <subfield code="a">Cape Town</subfield>
    <subfield code="b">Oxford University Press Southern Africa</subfield>
  </datafield>
  <datafield tag="644" ind1=" " ind2=" ">
    <subfield code="a">f</subfield>
    <subfield code="5">SaPrNL</subfield>
  </datafield>
  <datafield tag="645" ind1=" " ind2=" ">
    <subfield code="a">t</subfield>
    <subfield code="5">DPCC</subfield>
    <subfield code="5">SaPrNL</subfield>
  </datafield>
  <datafield tag="646" ind1=" " ind2=" ">
    <subfield code="a">s</subfield>
    <subfield code="5">SaPrNL</subfield>
  </datafield>
  <datafield tag="670" ind1=" " ind2=" ">
    <subfield code="a">DiphadisĚano tsĚa bommasebotsana, 2007:</subfield>
    <subfield code="b">cover p. 4 (Re a gola. Legato 4, Bao ba thomago)</subfield>
  </datafield>
  <datafield tag="730" ind1=" " ind2="7">
    <subfield code="a">We are growing.</subfield>
    <subfield code="n">Stage 4,</subfield>
    <subfield code="p">Elementary.</subfield>
    <subfield code="l">Northern Sotho</subfield>
    <subfield code="2">sanb</subfield>
  </datafield>
</record>